<record><leader>00000cas a22000007a 4500</leader><controlfield tag="001">37558502</controlfield><controlfield tag="008">970902d18951896azuwr ne      0    0eng d</controlfield><datafield ind1=" " ind2=" " tag="010"><subfield code="a">sn 96060625 </subfield></datafield><datafield ind1=" " ind2=" " tag="040"><subfield code="a">ANN</subfield><subfield code="b">eng</subfield><subfield code="c">ANN</subfield><subfield code="d">OCLCQ</subfield><subfield code="d">OCLCF</subfield><subfield code="d">OCLCO</subfield></datafield><datafield ind1=" " ind2=" " tag="042"><subfield code="a">msc</subfield></datafield><datafield ind1=" " ind2=" " tag="043"><subfield code="a">n-us-az</subfield></datafield><datafield ind1="0" ind2="0" tag="245"><subfield code="a">Arizona stock journal.</subfield></datafield><datafield ind1=" " ind2=" " tag="260"><subfield code="a">Phoenix, Ariz. :</subfield><subfield code="b">[Gazette Pub. Co.],</subfield><subfield code="c">1895-1896.</subfield></datafield><datafield ind1=" " ind2=" " tag="300"><subfield code="a">v.</subfield></datafield><datafield ind1=" " ind2=" " tag="310"><subfield code="a">Weekly</subfield></datafield><datafield ind1="0" ind2=" " tag="362"><subfield code="a">Vol. 15, no. 45 (Aug. 31, 1895)-v. 16, no. 52 (Dec. 26, 1896).</subfield></datafield><datafield ind1=" " ind2=" " tag="500"><subfield code="a">Formed by the union of: Arizona weekly gazette (Phoenix, Ariz. : 1892), and: Saturday review (Phoenix, Ariz. : 1894).</subfield></datafield><datafield ind1=" " ind2="0" tag="651"><subfield code="a">Phoenix (Ariz.)</subfield><subfield code="v">Newspapers.</subfield></datafield><datafield ind1=" " ind2="0" tag="651"><subfield code="a">Maricopa County (Ariz.)</subfield><subfield code="v">Newspapers.</subfield></datafield><datafield ind1=" " ind2="7" tag="655"><subfield code="a">Newspapers.</subfield><subfield code="2">fast</subfield><subfield code="0">(OCoLC)fst01423814</subfield></datafield><datafield ind1=" " ind2="7" tag="651"><subfield code="a">Arizona</subfield><subfield code="z">Maricopa County.</subfield><subfield code="2">fast</subfield><subfield code="0">(OCoLC)fst01217111</subfield></datafield><datafield ind1=" " ind2="7" tag="651"><subfield code="a">Arizona</subfield><subfield code="z">Phoenix.</subfield><subfield code="2">fast</subfield><subfield code="0">(OCoLC)fst01213753</subfield></datafield><datafield ind1=" " ind2=" " tag="752"><subfield code="a">United States</subfield><subfield code="b">Arizona</subfield><subfield code="c">Maricopa</subfield><subfield code="d">Phoenix.</subfield></datafield><datafield ind1="0" ind2=" " tag="775"><subfield code="a">Arizona gazette (Phoenix : 1895 : Daily)</subfield><subfield code="w">(DLC)sn 85032940</subfield><subfield code="w">(OCoLC)12956682</subfield></datafield><datafield ind1="1" ind2="4" tag="780"><subfield code="t">Arizona weekly gazette (Phoenix, Ariz. : 1892)</subfield><subfield code="w">(DLC)sn 97060104</subfield><subfield code="w">(OCoLC)36553741</subfield></datafield><datafield ind1="1" ind2="4" tag="780"><subfield code="t">Saturday review (Phoenix, Ariz. : 1894)</subfield><subfield code="w">(DLC)sn 96060887</subfield><subfield code="w">(OCoLC)35721816</subfield></datafield><datafield ind1="0" ind2="0" tag="785"><subfield code="t">Arizona gazette (Phoenix, Ariz. : 1897)</subfield><subfield code="w">(DLC)sn 97060105</subfield><subfield code="w">(OCoLC)36553598</subfield></datafield></record>